<?xml version="1.0" encoding="UTF-8"?>
<zs:searchRetrieveResponse xmlns:zs="http://www.loc.gov/zing/srw/">
  <zs:version>1.1</zs:version>
  <zs:numberOfRecords>121</zs:numberOfRecords>
  <zs:records>
    <zs:record>
      <zs:recordSchema/>
      <zs:recordPacking>xml</zs:recordPacking>
      <zs:recordData>
        <record xmlns="http://www.loc.gov/MARC21/slim">
          <leader>04120cam a22004817i 4500</leader>
          <controlfield tag="001">19774965</controlfield>
          <controlfield tag="005">20200611113141.0</controlfield>
          <controlfield tag="008">170623s2017    gw a     b    000 0 ger d</controlfield>
          <datafield tag="906" ind1=" " ind2=" ">
            <subfield code="a">7</subfield>
            <subfield code="b">cbc</subfield>
            <subfield code="c">copycat</subfield>
            <subfield code="d">3</subfield>
            <subfield code="e">ncip</subfield>
            <subfield code="f">20</subfield>
            <subfield code="g">y-gencatlg</subfield>
          </datafield>
          <datafield tag="925" ind1="0" ind2=" ">
            <subfield code="a">acquire</subfield>
            <subfield code="b">1 shelf copy</subfield>
            <subfield code="x">policy default</subfield>
          </datafield>
          <datafield tag="955" ind1=" " ind2=" ">
            <subfield code="b">fd21 2018-02-14 z-processor</subfield>
            <subfield code="i">fd21 2018-02-20 to BCCD</subfield>
          </datafield>
          <datafield tag="955" ind1=" " ind2=" ">
            <subfield code="a">fd10 2017-08-10</subfield>
            <subfield code="a">fd00 2017-08-14 to GS/GER</subfield>
          </datafield>
          <datafield tag="010" ind1=" " ind2=" ">
            <subfield code="a">  2017439077</subfield>
          </datafield>
          <datafield tag="020" ind1=" " ind2=" ">
            <subfield code="a">3848733269</subfield>
          </datafield>
          <datafield tag="020" ind1=" " ind2=" ">
            <subfield code="a">9783848733262</subfield>
          </datafield>
          <datafield tag="035" ind1=" " ind2=" ">
            <subfield code="a">(OCoLC)ocn975106366</subfield>
          </datafield>
          <datafield tag="040" ind1=" " ind2=" ">
            <subfield code="a">YDX</subfield>
            <subfield code="b">eng</subfield>
            <subfield code="c">YDX</subfield>
            <subfield code="e">rda</subfield>
            <subfield code="d">BTCTA</subfield>
            <subfield code="d">OHX</subfield>
            <subfield code="d">HLS</subfield>
            <subfield code="d">OCLCO</subfield>
            <subfield code="d">STF</subfield>
            <subfield code="d">OCLCF</subfield>
            <subfield code="d">CUY</subfield>
            <subfield code="d">OCL</subfield>
            <subfield code="d">OCLCA</subfield>
            <subfield code="d">DLC</subfield>
          </datafield>
          <datafield tag="041" ind1="0" ind2=" ">
            <subfield code="a">ger</subfield>
            <subfield code="a">eng</subfield>
          </datafield>
          <datafield tag="042" ind1=" " ind2=" ">
            <subfield code="a">lccopycat</subfield>
          </datafield>
          <datafield tag="043" ind1=" " ind2=" ">
            <subfield code="a">e------</subfield>
            <subfield code="a">e-sz---</subfield>
          </datafield>
          <datafield tag="050" ind1="0" ind2="0">
            <subfield code="a">P90</subfield>
            <subfield code="b">.A233 2017</subfield>
          </datafield>
          <datafield tag="245" ind1="0" ind2="0">
            <subfield code="a">Abbruch - Umbruch - Aufbruch :</subfield>
            <subfield code="b">globaler Medienwandel und lokale Medienkrisen /</subfield>
            <subfield code="c">Werner A. Meier (Hrsg.).</subfield>
          </datafield>
          <datafield tag="250" ind1=" " ind2=" ">
            <subfield code="a">1. Auflage.</subfield>
          </datafield>
          <datafield tag="264" ind1=" " ind2="1">
            <subfield code="a">Baden-Baden :</subfield>
            <subfield code="b">Nomos,</subfield>
            <subfield code="c">2017.</subfield>
          </datafield>
          <datafield tag="300" ind1=" " ind2=" ">
            <subfield code="a">386 pages :</subfield>
            <subfield code="b">illustrations ;</subfield>
            <subfield code="c">23 cm.</subfield>
          </datafield>
          <datafield tag="336" ind1=" " ind2=" ">
            <subfield code="a">text</subfield>
            <subfield code="b">txt</subfield>
            <subfield code="2">rdacontent</subfield>
          </datafield>
          <datafield tag="337" ind1=" " ind2=" ">
            <subfield code="a">unmediated</subfield>
            <subfield code="b">n</subfield>
            <subfield code="2">rdamedia</subfield>
          </datafield>
          <datafield tag="338" ind1=" " ind2=" ">
            <subfield code="a">volume</subfield>
            <subfield code="b">nc</subfield>
            <subfield code="2">rdacarrier</subfield>
          </datafield>
          <datafield tag="490" ind1="1" ind2=" ">
            <subfield code="a">Medienstrukturen ;</subfield>
            <subfield code="v">Band 11</subfield>
          </datafield>
          <datafield tag="505" ind1="0" ind2="0">
            <subfield code="t">Zu diesem Buch /</subfield>
            <subfield code="r">Werner A. Meier --</subfield>
            <subfield code="t">Internationale Perspektive : Strukturwandel --</subfield>
            <subfield code="t">Dialogue with History : Ideas of publicness and public service in press, media theory and practice /</subfield>
            <subfield code="r">Slavko Splichal --</subfield>
            <subfield code="t">Publicness is not enough : a response to Slavko Splichal 's' diaogue with history /</subfield>
            <subfield code="r">Des Freedman --</subfield>
            <subfield code="t">Response to Slavko Splichal's "Dialogue with history /</subfield>
            <subfield code="r">Stefania Milan --</subfield>
            <subfield code="t">Anything but a Utopia : a response to Slavko Splichal's dialogue with history /</subfield>
            <subfield code="r">Manuel Puppis --</subfield>
            <subfield code="t">Nationale Perspektive : Unternehmerische Reaktionen auf Medienwandel und Medienkrise --</subfield>
            <subfield code="t">Pressestrukturen im Wandel : eine organisationsokologische Analyse der Entwicklung schweizerischer Presseorganisations-typen und ihrer Angebote zwischen 1968 und 2013 /</subfield>
            <subfield code="r">Samuel Studer --</subfield>
            <subfield code="t">Informationsmedien im Umbruch : Veränderung des Medien-angebots durch die Digitalisierung /</subfield>
            <subfield code="r">Mario Schranz, Mark Eisenegger &amp; Angelo Gisler --</subfield>
            <subfield code="t">Zwischen kommerziellen Interessen und gesellschaftlichem Auftrag : Diskurs über die Transformation im Zeitungswesen /</subfield>
            <subfield code="r">Nina Busch --</subfield>
            <subfield code="t">Schweizer Medienunternehmen in Zeiten der digitalen Transformation : Erlösmodelle im Wandel /</subfield>
            <subfield code="r">Marc Sele --</subfield>
            <subfield code="t">Adapting in turbulent conditions : media groups in Latin Switzerland /</subfield>
            <subfield code="r">Sébastien Salerno --</subfield>
            <subfield code="t">Leitmedien in der Onlinewelt /</subfield>
            <subfield code="r">Matthias Künzler --</subfield>
            <subfield code="t">Medienpolitik in Zeiten von Krisen : das spannungsgeladene Verhältnis zwischen zivilgesellschaftlichen und ökonomischen Interessen /</subfield>
            <subfield code="r">Corinna Wenzel --</subfield>
            <subfield code="t">Nationale Perspektive : Publizistische, professionelle und individuelle Reaktionen --</subfield>
            <subfield code="t">Konvergente Redaktionen : wenn Tempo und Effizienz die Regeln diktieren /</subfield>
            <subfield code="r">Brigitte Hofstetter --</subfield>
            <subfield code="t">Professioneller Journalismus dank Professionenbildung auch im 21. Jahrhundert? /</subfield>
            <subfield code="r">Edzard Schade --</subfield>
            <subfield code="t">Digitaler Journalismus zwischen News und Native Advertising : Risiken und Nebenwirkungen einer heiklen Beziehung /</subfield>
            <subfield code="r">Colin Porlezza --</subfield>
            <subfield code="t">Parlamentarisches Handeln zwischen Politiklogiken und Medienlogiken in der Schweiz /</subfield>
            <subfield code="r">Marko Kovic --</subfield>
            <subfield code="t">Wandel der Berichterstattung über die Exekutive und Legislative in der Schweiz seit den 1960er Jahren /</subfield>
            <subfield code="r">Patrik Ettinger --</subfield>
            <subfield code="t">Medienrepertoires und Fragmentierung : Impulse zur Deutung der Medienkrise /</subfield>
            <subfield code="r">Jesse B̃chler --</subfield>
            <subfield code="t">Umbruch und Aufbruch --</subfield>
            <subfield code="t">Pressekrise als Transformation und Umbruch : Bilanz der Forschung aus schweizerischer Perspektive /</subfield>
            <subfield code="r">Werner A. Meier --</subfield>
            <subfield code="g">Autorenverzeichnis.</subfield>
          </datafield>
          <datafield tag="504" ind1=" " ind2=" ">
            <subfield code="a">Includes bibliographical references.</subfield>
          </datafield>
          <datafield tag="546" ind1=" " ind2=" ">
            <subfield code="a">Contributions in German and English.</subfield>
          </datafield>
          <datafield tag="650" ind1=" " ind2="0">
            <subfield code="a">Mass media</subfield>
            <subfield code="x">History</subfield>
            <subfield code="y">21st century.</subfield>
          </datafield>
          <datafield tag="650" ind1=" " ind2="0">
            <subfield code="a">Journalism</subfield>
            <subfield code="y">21st century.</subfield>
          </datafield>
          <datafield tag="650" ind1=" " ind2="0">
            <subfield code="a">Digital media</subfield>
            <subfield code="y">21st century.</subfield>
          </datafield>
          <datafield tag="650" ind1=" " ind2="0">
            <subfield code="a">Online journalism</subfield>
            <subfield code="x">History</subfield>
            <subfield code="y">21st century.</subfield>
          </datafield>
          <datafield tag="650" ind1=" " ind2="0">
            <subfield code="a">Mass media</subfield>
            <subfield code="x">Economic aspects</subfield>
            <subfield code="z">Europe.</subfield>
          </datafield>
          <datafield tag="650" ind1=" " ind2="0">
            <subfield code="a">Mass media</subfield>
            <subfield code="x">Economic aspects</subfield>
            <subfield code="z">Switzerland.</subfield>
          </datafield>
          <datafield tag="650" ind1=" " ind2="0">
            <subfield code="a">Journalistic ethics.</subfield>
          </datafield>
          <datafield tag="700" ind1="1" ind2=" ">
            <subfield code="a">Meier, Werner A.,</subfield>
            <subfield code="d">1948-</subfield>
            <subfield code="e">editor.</subfield>
          </datafield>
          <datafield tag="830" ind1=" " ind2="0">
            <subfield code="a">Reihe Medienstrukturen ;</subfield>
            <subfield code="v">Bd. 11.</subfield>
          </datafield>
          <datafield tag="923" ind1=" " ind2=" ">
            <subfield code="d">20170623</subfield>
            <subfield code="n">0141764</subfield>
            <subfield code="s">GyWOH</subfield>
          </datafield>
          <datafield tag="985" ind1=" " ind2=" ">
            <subfield code="e">VENDOR LOAD</subfield>
          </datafield>
        </record>
      </zs:recordData>
      <zs:recordPosition>1</zs:recordPosition>
    </zs:record>