
    <zs:record>
      <zs:recordSchema/>
      <zs:recordPacking>xml</zs:recordPacking>
      <zs:recordData>
        <record xmlns="http://www.loc.gov/MARC21/slim">
          <leader>00900cam a22002054a 4500</leader>
          <controlfield tag="001">14801880</controlfield>
          <controlfield tag="005">20130603082759.0</controlfield>
          <controlfield tag="008">070409s2006    moub          000 0 eng  </controlfield>
          <datafield tag="906" ind1=" " ind2=" ">
            <subfield code="a">7</subfield>
            <subfield code="b">cbc</subfield>
            <subfield code="c">orignew</subfield>
            <subfield code="d">2</subfield>
            <subfield code="e">ncip</subfield>
            <subfield code="f">20</subfield>
            <subfield code="g">y-gencatlg</subfield>
          </datafield>
          <datafield tag="925" ind1="0" ind2=" ">
            <subfield code="a">acquire</subfield>
            <subfield code="b">2 shelf copies</subfield>
            <subfield code="x">policy default</subfield>
          </datafield>
          <datafield tag="955" ind1=" " ind2=" ">
            <subfield code="a">pv11 2007-04-09 to SSCD</subfield>
            <subfield code="a">lg08 2007-05-23 additional copy received</subfield>
            <subfield code="c">rc12 2008-11-25 (rev. rc05)</subfield>
            <subfield code="d">rc07 2009-01-27</subfield>
            <subfield code="e">rc07 2009-01-27 to PSD/CLED for 1 class proposal; tc12 2009-03-04 Copies 1-2 to CALM</subfield>
          </datafield>
          <datafield tag="010" ind1=" " ind2=" ">
            <subfield code="a">  2007273607</subfield>
          </datafield>
          <datafield tag="020" ind1=" " ind2=" ">
            <subfield code="a">9780976208761 (hbk.)</subfield>
          </datafield>
          <datafield tag="040" ind1=" " ind2=" ">
            <subfield code="a">DLC</subfield>
            <subfield code="c">DLC</subfield>
            <subfield code="d">DLC</subfield>
          </datafield>
          <datafield tag="050" ind1="0" ind2="0">
            <subfield code="a">BS195</subfield>
            <subfield code="b">.A55 2006</subfield>
          </datafield>
          <datafield tag="130" ind1="0" ind2=" ">
            <subfield code="a">Bible.</subfield>
            <subfield code="p">Old Testament.</subfield>
            <subfield code="l">English.</subfield>
            <subfield code="s">Ancient Roots Translinear Bible.</subfield>
            <subfield code="f">2006.</subfield>
          </datafield>
          <datafield tag="245" ind1="1" ind2="0">
            <subfield code="a">Ancient Roots Translinear Bible.</subfield>
            <subfield code="p">Old Testament /</subfield>
            <subfield code="c">A. Frances Werner.</subfield>
          </datafield>
          <datafield tag="260" ind1=" " ind2=" ">
            <subfield code="a">Fenton, MO :</subfield>
            <subfield code="b">Waymaker Publishers,</subfield>
            <subfield code="c">c2006.</subfield>
          </datafield>
          <datafield tag="300" ind1=" " ind2=" ">
            <subfield code="a">x, 694 p. :</subfield>
            <subfield code="b">maps ;</subfield>
            <subfield code="c">24 cm.</subfield>
          </datafield>
          <datafield tag="700" ind1="1" ind2=" ">
            <subfield code="a">Werner, A. Frances.</subfield>
          </datafield>
        </record>
      </zs:recordData>
      <zs:recordPosition>2</zs:recordPosition>
    </zs:record>