
    <zs:record>
      <zs:recordSchema/>
      <zs:recordPacking>xml</zs:recordPacking>
      <zs:recordData>
        <record xmlns="http://www.loc.gov/MARC21/slim">
          <leader>01892cam a2200361 a 4500</leader>
          <controlfield tag="001">2060537</controlfield>
          <controlfield tag="005">20140402091320.0</controlfield>
          <controlfield tag="008">930818s1992    sz ab    b    000 0 ger  </controlfield>
          <datafield tag="035" ind1=" " ind2=" ">
            <subfield code="9">(DLC)   93193009</subfield>
          </datafield>
          <datafield tag="906" ind1=" " ind2=" ">
            <subfield code="a">7</subfield>
            <subfield code="b">cbc</subfield>
            <subfield code="c">orignew</subfield>
            <subfield code="d">3</subfield>
            <subfield code="e">ncip</subfield>
            <subfield code="f">19</subfield>
            <subfield code="g">y-gencatlg</subfield>
          </datafield>
          <datafield tag="955" ind1=" " ind2=" ">
            <subfield code="a">rb07 08-18-93; rc15 3-15-94; ub12 08-25-94 to Cat.; jd00 08-30-94; jd28 08-30-94; jd00 to jb00 09-02-94; jb03 09-02-94; jb05 to DDC 09-21-94</subfield>
          </datafield>
          <datafield tag="010" ind1=" " ind2=" ">
            <subfield code="a">   93193009 </subfield>
          </datafield>
          <datafield tag="020" ind1=" " ind2=" ">
            <subfield code="a">3764328053 (acid-free) :</subfield>
            <subfield code="c">78.00F</subfield>
          </datafield>
          <datafield tag="040" ind1=" " ind2=" ">
            <subfield code="a">DLC</subfield>
            <subfield code="c">DLC</subfield>
            <subfield code="d">DLC</subfield>
          </datafield>
          <datafield tag="041" ind1="0" ind2=" ">
            <subfield code="a">gerfre</subfield>
          </datafield>
          <datafield tag="043" ind1=" " ind2=" ">
            <subfield code="a">er-----</subfield>
          </datafield>
          <datafield tag="050" ind1="0" ind2="0">
            <subfield code="a">QH178.R55</subfield>
            <subfield code="b">A94 1992</subfield>
          </datafield>
          <datafield tag="082" ind1="0" ind2="0">
            <subfield code="a">508.43/4</subfield>
            <subfield code="2">20</subfield>
          </datafield>
          <datafield tag="245" ind1="0" ind2="4">
            <subfield code="a">Die Auen am Oberrhein :</subfield>
            <subfield code="b">Ausmass und Perspektiven des Landschaftswandels am südlichen und mittleren Oberrhein seit 1800 : ein umweltdidaktische Aufarbeitung = Les zones alluviales du Rhin supérieur : étendue et perspectives de l'évolution des paysages dans le secteur méridional et moyen du Rhin supérieur depuis 1800 : une synthèse environnementale didactique /</subfield>
            <subfield code="c">herausgegeben von Werner A. Gallusser, André Schenke ; [Redaktion, Rosemarie Schindler-Weckesser, Werner A. Gallusser, André Schenker; Übersetzungen deutsch-französisch, Erni Dillmann].</subfield>
          </datafield>
          <datafield tag="260" ind1=" " ind2=" ">
            <subfield code="a">Basel ;</subfield>
            <subfield code="a">Boston :</subfield>
            <subfield code="b">Birkhäuser,</subfield>
            <subfield code="c">c1992.</subfield>
          </datafield>
          <datafield tag="300" ind1=" " ind2=" ">
            <subfield code="a">192 p. :</subfield>
            <subfield code="b">ill. (some col.), col. maps ;</subfield>
            <subfield code="c">30 cm.</subfield>
          </datafield>
          <datafield tag="504" ind1=" " ind2=" ">
            <subfield code="a">Includes bibliographical references (p. 185-192).</subfield>
          </datafield>
          <datafield tag="650" ind1=" " ind2="0">
            <subfield code="a">Natural history</subfield>
            <subfield code="z">Rhine River Valley.</subfield>
          </datafield>
          <datafield tag="650" ind1=" " ind2="0">
            <subfield code="a">Valley ecology</subfield>
            <subfield code="z">Rhine River Valley</subfield>
            <subfield code="x">History.</subfield>
          </datafield>
          <datafield tag="651" ind1=" " ind2="0">
            <subfield code="a">Rhine River</subfield>
            <subfield code="x">Alluvial plain</subfield>
            <subfield code="x">History.</subfield>
          </datafield>
          <datafield tag="651" ind1=" " ind2="0">
            <subfield code="a">Rhine River</subfield>
            <subfield code="x">Channelization</subfield>
            <subfield code="x">History.</subfield>
          </datafield>
          <datafield tag="700" ind1="1" ind2=" ">
            <subfield code="a">Gallusser, Werner A.</subfield>
          </datafield>
          <datafield tag="700" ind1="1" ind2=" ">
            <subfield code="a">Schenker, André.</subfield>
          </datafield>
          <datafield tag="700" ind1="2" ind2=" ">
            <subfield code="a">Schindler-Weckesser, Rosemarie.</subfield>
          </datafield>
          <datafield tag="700" ind1="1" ind2=" ">
            <subfield code="a">Dillmann, Erni.</subfield>
          </datafield>
          <datafield tag="740" ind1="0" ind2=" ">
            <subfield code="a">Zones alluviales du Rhin supérieur.</subfield>
          </datafield>
          <datafield tag="922" ind1=" " ind2=" ">
            <subfield code="a">ap</subfield>
          </datafield>
          <datafield tag="991" ind1=" " ind2=" ">
            <subfield code="b">c-GenColl</subfield>
            <subfield code="h">QH178.R55</subfield>
            <subfield code="i">A94 1992</subfield>
            <subfield code="p">00050651873</subfield>
            <subfield code="t">Copy 1</subfield>
            <subfield code="w">BOOKS</subfield>
          </datafield>
        </record>
      </zs:recordData>
      <zs:recordPosition>3</zs:recordPosition>
    </zs:record>