
    <zs:record>
      <zs:recordSchema/>
      <zs:recordPacking>xml</zs:recordPacking>
      <zs:recordData>
        <record xmlns="http://www.loc.gov/MARC21/slim">
          <leader>01338cam a2200313 a 4500</leader>
          <controlfield tag="001">1663099</controlfield>
          <controlfield tag="005">19990621110634.7</controlfield>
          <controlfield tag="008">970812s1996    sz       b    000 0 ger  </controlfield>
          <datafield tag="035" ind1=" " ind2=" ">
            <subfield code="9">(DLC)   97182074</subfield>
          </datafield>
          <datafield tag="906" ind1=" " ind2=" ">
            <subfield code="a">7</subfield>
            <subfield code="b">cbc</subfield>
            <subfield code="c">orignew</subfield>
            <subfield code="d">3</subfield>
            <subfield code="e">ncip</subfield>
            <subfield code="f">19</subfield>
            <subfield code="g">y-gencatlg</subfield>
          </datafield>
          <datafield tag="955" ind1=" " ind2=" ">
            <subfield code="a">rb07 08-12-97; ub12 12-11-97 to Cat.; sc 01-20-98; sc20 03-26-98; (PN5337.E64); lk03 to sl 03-02-99; lc15 to ddc 04-07-99 to ddc 04-07-99</subfield>
          </datafield>
          <datafield tag="010" ind1=" " ind2=" ">
            <subfield code="a">   97182074 </subfield>
          </datafield>
          <datafield tag="020" ind1=" " ind2=" ">
            <subfield code="a">3908239419</subfield>
          </datafield>
          <datafield tag="035" ind1=" " ind2=" ">
            <subfield code="a">(GyFmDB)94.767650.3</subfield>
          </datafield>
          <datafield tag="040" ind1=" " ind2=" ">
            <subfield code="a">DLC</subfield>
            <subfield code="c">DLC</subfield>
            <subfield code="d">DLC</subfield>
          </datafield>
          <datafield tag="043" ind1=" " ind2=" ">
            <subfield code="a">e-sz---</subfield>
          </datafield>
          <datafield tag="050" ind1="0" ind2="0">
            <subfield code="a">PN5337.E64</subfield>
            <subfield code="b">G47 1996</subfield>
          </datafield>
          <datafield tag="082" ind1="0" ind2="0">
            <subfield code="a">070.4/493637009494</subfield>
          </datafield>
          <datafield tag="245" ind1="0" ind2="0">
            <subfield code="a">Gesellschaftliche Risiken in den Medien :</subfield>
            <subfield code="b">zur Rolle des Journalismus bei der Wahrnehmung und Bewältigung gesellschaftlicher Risiken /</subfield>
            <subfield code="c">Werner A. Meier, Michael Schanne (Hrsg.).</subfield>
          </datafield>
          <datafield tag="260" ind1=" " ind2=" ">
            <subfield code="a">Zürich :</subfield>
            <subfield code="b">Seismo,</subfield>
            <subfield code="c">c1996.</subfield>
          </datafield>
          <datafield tag="300" ind1=" " ind2=" ">
            <subfield code="a">263 p. ;</subfield>
            <subfield code="c">23 cm.</subfield>
          </datafield>
          <datafield tag="504" ind1=" " ind2=" ">
            <subfield code="a">Includes bibliographical references (p. 229-263).</subfield>
          </datafield>
          <datafield tag="650" ind1=" " ind2="0">
            <subfield code="a">Environmental protection</subfield>
            <subfield code="x">Press coverage</subfield>
            <subfield code="z">Switzerland</subfield>
            <subfield code="v">Case studies.</subfield>
          </datafield>
          <datafield tag="650" ind1=" " ind2="0">
            <subfield code="a">Environmental degradation</subfield>
            <subfield code="x">Press coverage</subfield>
            <subfield code="z">Switzerland</subfield>
            <subfield code="v">Case studies.</subfield>
          </datafield>
          <datafield tag="650" ind1=" " ind2="0">
            <subfield code="a">Environmental health</subfield>
            <subfield code="x">Press coverage</subfield>
            <subfield code="z">Switzerland</subfield>
            <subfield code="v">Case studies.</subfield>
          </datafield>
          <datafield tag="700" ind1="1" ind2=" ">
            <subfield code="a">Meier, Werner A.,</subfield>
            <subfield code="d">1948-</subfield>
          </datafield>
          <datafield tag="700" ind1="1" ind2=" ">
            <subfield code="a">Schanne, Michael.</subfield>
          </datafield>
          <datafield tag="922" ind1=" " ind2=" ">
            <subfield code="a">ap</subfield>
          </datafield>
          <datafield tag="991" ind1=" " ind2=" ">
            <subfield code="b">c-GenColl</subfield>
            <subfield code="h">PN5337.E64</subfield>
            <subfield code="i">G47 1996</subfield>
            <subfield code="t">Copy 1</subfield>
            <subfield code="w">BOOKS</subfield>
          </datafield>
        </record>
      </zs:recordData>
      <zs:recordPosition>7</zs:recordPosition>
    </zs:record>