
    <zs:record>
      <zs:recordSchema/>
      <zs:recordPacking>xml</zs:recordPacking>
      <zs:recordData>
        <record xmlns="http://www.loc.gov/MARC21/slim">
          <leader>01296cam a22003254a 4500</leader>
          <controlfield tag="001">16170237</controlfield>
          <controlfield tag="005">20100817103219.0</controlfield>
          <controlfield tag="008">100402s2010    gw a     b    000 0 ger  </controlfield>
          <datafield tag="906" ind1=" " ind2=" ">
            <subfield code="a">7</subfield>
            <subfield code="b">cbc</subfield>
            <subfield code="c">origres</subfield>
            <subfield code="d">2</subfield>
            <subfield code="e">ncip</subfield>
            <subfield code="f">20</subfield>
            <subfield code="g">y-gencatlg</subfield>
          </datafield>
          <datafield tag="925" ind1="0" ind2=" ">
            <subfield code="a">acquire</subfield>
            <subfield code="b">1 shelf copy</subfield>
            <subfield code="x">policy default</subfield>
          </datafield>
          <datafield tag="955" ind1=" " ind2=" ">
            <subfield code="b">fd21 2010-05-12</subfield>
            <subfield code="a">fd00 2010-06-01 to GS/GER</subfield>
            <subfield code="i">fd15 2010-06-07</subfield>
            <subfield code="e">fd15 2010-06-18 to Dewey</subfield>
            <subfield code="w">rd11 2010-07-19</subfield>
            <subfield code="a">Barcode 00286835764 returned from bindery 2010-08-17</subfield>
          </datafield>
          <datafield tag="010" ind1=" " ind2=" ">
            <subfield code="a">  2010416465</subfield>
          </datafield>
          <datafield tag="020" ind1=" " ind2=" ">
            <subfield code="a">9783867642484 (pbk.)</subfield>
          </datafield>
          <datafield tag="035" ind1=" " ind2=" ">
            <subfield code="a">(GyWOH)har100010334</subfield>
          </datafield>
          <datafield tag="040" ind1=" " ind2=" ">
            <subfield code="a">DLC</subfield>
            <subfield code="c">DLC</subfield>
            <subfield code="d">DLC</subfield>
          </datafield>
          <datafield tag="043" ind1=" " ind2=" ">
            <subfield code="a">e-sz---</subfield>
          </datafield>
          <datafield tag="050" ind1="0" ind2="0">
            <subfield code="a">QH442</subfield>
            <subfield code="b">.G82 2010</subfield>
          </datafield>
          <datafield tag="082" ind1="0" ind2="0">
            <subfield code="a">660.6/509494</subfield>
            <subfield code="2">22</subfield>
          </datafield>
          <datafield tag="245" ind1="0" ind2="0">
            <subfield code="a">Grüne Gentechnologie im öffentlichen Diskurs :</subfield>
            <subfield code="b">Interessen, Konflikte und Argumente /</subfield>
            <subfield code="c">Heinz Bonfadelli, Werner A. Meier (Hg.).</subfield>
          </datafield>
          <datafield tag="260" ind1=" " ind2=" ">
            <subfield code="a">Konstanz :</subfield>
            <subfield code="b">UVK,</subfield>
            <subfield code="c">c2010.</subfield>
          </datafield>
          <datafield tag="300" ind1=" " ind2=" ">
            <subfield code="a">270 p. :</subfield>
            <subfield code="b">ill. ;</subfield>
            <subfield code="c">22 cm.</subfield>
          </datafield>
          <datafield tag="490" ind1="0" ind2=" ">
            <subfield code="a">Kommunikationswissenschaft (Konstanz, Germany)</subfield>
          </datafield>
          <datafield tag="504" ind1=" " ind2=" ">
            <subfield code="a">Includes bibliographical references.</subfield>
          </datafield>
          <datafield tag="650" ind1=" " ind2="0">
            <subfield code="a">Genetic engineering</subfield>
            <subfield code="z">Switzerland.</subfield>
          </datafield>
          <datafield tag="650" ind1=" " ind2="0">
            <subfield code="a">Green technology</subfield>
            <subfield code="z">Switzerland.</subfield>
          </datafield>
          <datafield tag="650" ind1=" " ind2="0">
            <subfield code="a">Genetic engineering</subfield>
            <subfield code="x">Press coverage</subfield>
            <subfield code="z">Switzerland.</subfield>
          </datafield>
          <datafield tag="700" ind1="1" ind2=" ">
            <subfield code="a">Bonfadelli, Heinz,</subfield>
            <subfield code="d">1949-</subfield>
          </datafield>
          <datafield tag="700" ind1="1" ind2=" ">
            <subfield code="a">Meier, Werner A.,</subfield>
            <subfield code="d">1948-</subfield>
          </datafield>
          <datafield tag="923" ind1=" " ind2=" ">
            <subfield code="d">20100407</subfield>
            <subfield code="n">0203261</subfield>
            <subfield code="s">GyWOH</subfield>
          </datafield>
          <datafield tag="985" ind1=" " ind2=" ">
            <subfield code="e">VENDOR LOAD</subfield>
          </datafield>
        </record>
      </zs:recordData>
      <zs:recordPosition>8</zs:recordPosition>
    </zs:record>