
    <zs:record>
      <zs:recordSchema/>
      <zs:recordPacking>xml</zs:recordPacking>
      <zs:recordData>
        <record xmlns="http://www.loc.gov/MARC21/slim">
          <leader>02572cam a2200373 a 4500</leader>
          <controlfield tag="001">16374991</controlfield>
          <controlfield tag="005">20110822211328.0</controlfield>
          <controlfield tag="008">100804s2011    nyua     b    001 0 eng  </controlfield>
          <datafield tag="906" ind1=" " ind2=" ">
            <subfield code="a">7</subfield>
            <subfield code="b">cbc</subfield>
            <subfield code="c">orignew</subfield>
            <subfield code="d">1</subfield>
            <subfield code="e">ecip</subfield>
            <subfield code="f">20</subfield>
            <subfield code="g">y-gencatlg</subfield>
          </datafield>
          <datafield tag="925" ind1="0" ind2=" ">
            <subfield code="a">acquire</subfield>
            <subfield code="b">1 shelf copy</subfield>
            <subfield code="x">policy default</subfield>
            <subfield code="e">claim1  2011-07-21</subfield>
          </datafield>
          <datafield tag="955" ind1=" " ind2=" ">
            <subfield code="b">rg13 2010-08-04</subfield>
            <subfield code="i">rg13 2010-08-04 to DEWEY</subfield>
            <subfield code="w">rd61 2010-08-04</subfield>
            <subfield code="a">xe04 2011-08-05 2 copies rec'd., to CIP ver.</subfield>
            <subfield code="f">rf22 2011-08-22 Z-CipVer to BCCD</subfield>
          </datafield>
          <datafield tag="010" ind1=" " ind2=" ">
            <subfield code="a">  2010030329</subfield>
          </datafield>
          <datafield tag="020" ind1=" " ind2=" ">
            <subfield code="a">9781433111037 (hardcover : alk. paper)</subfield>
          </datafield>
          <datafield tag="020" ind1=" " ind2=" ">
            <subfield code="a">1433111039 (hardcover : alk. paper)</subfield>
          </datafield>
          <datafield tag="035" ind1=" " ind2=" ">
            <subfield code="a">(OCoLC)ocn653121575</subfield>
          </datafield>
          <datafield tag="040" ind1=" " ind2=" ">
            <subfield code="a">DLC</subfield>
            <subfield code="c">DLC</subfield>
            <subfield code="d">YDX</subfield>
            <subfield code="d">YDXCP</subfield>
            <subfield code="d">BWX</subfield>
            <subfield code="d">IUL</subfield>
            <subfield code="d">CDX</subfield>
            <subfield code="d">DLC</subfield>
          </datafield>
          <datafield tag="043" ind1=" " ind2=" ">
            <subfield code="a">e------</subfield>
          </datafield>
          <datafield tag="050" ind1="0" ind2="0">
            <subfield code="a">P95.8</subfield>
            <subfield code="b">.O53 2011</subfield>
          </datafield>
          <datafield tag="082" ind1="0" ind2="0">
            <subfield code="a">302.23</subfield>
            <subfield code="2">22</subfield>
          </datafield>
          <datafield tag="245" ind1="0" ind2="0">
            <subfield code="a">On media monitoring :</subfield>
            <subfield code="b">the media and their contribution to democracy /</subfield>
            <subfield code="c">edited by Josef Trappel and Werner A. Meier.</subfield>
          </datafield>
          <datafield tag="260" ind1=" " ind2=" ">
            <subfield code="a">New York :</subfield>
            <subfield code="b">Peter Lang,</subfield>
            <subfield code="c">c2011.</subfield>
          </datafield>
          <datafield tag="300" ind1=" " ind2=" ">
            <subfield code="a">xi, 306 p. :</subfield>
            <subfield code="b">ill. ;</subfield>
            <subfield code="c">24 cm.</subfield>
          </datafield>
          <datafield tag="490" ind1="1" ind2=" ">
            <subfield code="a">Mass communication and journalism ;</subfield>
            <subfield code="v">v. 2</subfield>
          </datafield>
          <datafield tag="504" ind1=" " ind2=" ">
            <subfield code="a">Includes bibliographical references and index.</subfield>
          </datafield>
          <datafield tag="505" ind1="0" ind2=" ">
            <subfield code="a">Introduction : can media monitoring support democracy? / Josef Trappel &amp; Werner A. Meier -- Monitoring media freedom. Evaluating media freedom / Lee B. Becker &amp; Tudor Vlad -- Monitoring and measuring press freedom on a global scale : strengths and weaknesses of the Freedom House index / Karin Deutsch-Karlekar -- Challenges of media monitoring in transition countries / Lucie Hribal -- Evaluating freedom of the media in new democracies / Kristina Weissenbach -- Monitoring media for democracy. On media monitoring : the Media for Democracy Monitor (MDM) / Josef Trappel and Tanja Maniglio -- The Netherlands / Leen d'Haenens -- Germany / Frank Marcinkowski &amp; André Donk -- Switzerland / Tanja Maniglio &amp; Josef Trappel -- Portugal / Joaquim Fidalgo -- Lithuania / Auks Balytien and Egl Napryt -- Monitoring media organizations. Monitoring corporate governance in US and European media firms / Robert G. Picard -- Media organisations and their accountability to democracy: categories and indicators / Torbjörn von Krogh.</subfield>
          </datafield>
          <datafield tag="650" ind1=" " ind2="0">
            <subfield code="a">Mass media</subfield>
            <subfield code="x">Political aspects.</subfield>
          </datafield>
          <datafield tag="650" ind1=" " ind2="0">
            <subfield code="a">Mass media</subfield>
            <subfield code="x">Political aspects</subfield>
            <subfield code="z">Europe</subfield>
            <subfield code="v">Case studies.</subfield>
          </datafield>
          <datafield tag="650" ind1=" " ind2="0">
            <subfield code="a">Mass media</subfield>
            <subfield code="x">Moral and ethical aspects.</subfield>
          </datafield>
          <datafield tag="650" ind1=" " ind2="0">
            <subfield code="a">Freedom of the press.</subfield>
          </datafield>
          <datafield tag="650" ind1=" " ind2="0">
            <subfield code="a">Journalism</subfield>
            <subfield code="x">Political aspects.</subfield>
          </datafield>
          <datafield tag="650" ind1=" " ind2="0">
            <subfield code="a">Journalistic ethics.</subfield>
          </datafield>
          <datafield tag="700" ind1="1" ind2=" ">
            <subfield code="a">Trappel, Josef,</subfield>
            <subfield code="d">1963-</subfield>
          </datafield>
          <datafield tag="700" ind1="1" ind2=" ">
            <subfield code="a">Meier, Werner A.,</subfield>
            <subfield code="d">1948-</subfield>
          </datafield>
          <datafield tag="830" ind1=" " ind2="0">
            <subfield code="a">Mass communication and journalism (Peter Lang Publishing) ;</subfield>
            <subfield code="v">v. 2.</subfield>
          </datafield>
        </record>
      </zs:recordData>
      <zs:recordPosition>18</zs:recordPosition>
    </zs:record>