
    <zs:record>
      <zs:recordSchema/>
      <zs:recordPacking>xml</zs:recordPacking>
      <zs:recordData>
        <record xmlns="http://www.loc.gov/MARC21/slim">
          <leader>01135cam a22002411a 4500</leader>
          <controlfield tag="001">16501614</controlfield>
          <controlfield tag="005">20130606124524.0</controlfield>
          <controlfield tag="008">101014m18791904gw            000 0 ger  </controlfield>
          <datafield tag="906" ind1=" " ind2=" ">
            <subfield code="a">0</subfield>
            <subfield code="b">cbc</subfield>
            <subfield code="c">premunv</subfield>
            <subfield code="d">3</subfield>
            <subfield code="e">ncip</subfield>
            <subfield code="f">19</subfield>
            <subfield code="g">y-gencatlg</subfield>
          </datafield>
          <datafield tag="925" ind1="0" ind2=" ">
            <subfield code="a">acquire</subfield>
            <subfield code="b">2 shelf copies</subfield>
            <subfield code="x">policy default</subfield>
          </datafield>
          <datafield tag="955" ind1=" " ind2=" ">
            <subfield code="b">xg05 2010-10-14 New Input</subfield>
            <subfield code="d">xg14 2010 10-15 Reclass Telework to LL</subfield>
          </datafield>
          <datafield tag="010" ind1=" " ind2=" ">
            <subfield code="a">   48039506 </subfield>
          </datafield>
          <datafield tag="040" ind1=" " ind2=" ">
            <subfield code="a">DLC</subfield>
            <subfield code="c">DLC</subfield>
          </datafield>
          <datafield tag="050" ind1="0" ind2="0">
            <subfield code="a">K1505</subfield>
            <subfield code="b">.P3743 1879</subfield>
          </datafield>
          <datafield tag="245" ind1="0" ind2="0">
            <subfield code="a">Patentgesetzgebung :</subfield>
            <subfield code="b">Sammlung der wichtigeren Patentgesetze, Ausführungsvorschriften, Verordnungen u. s.. w. welche gegenwärtig in Geltung stehen.</subfield>
          </datafield>
          <datafield tag="260" ind1=" " ind2=" ">
            <subfield code="a">Berlin :</subfield>
            <subfield code="b">C. Heymann,</subfield>
            <subfield code="c">1879-1904.</subfield>
          </datafield>
          <datafield tag="300" ind1=" " ind2=" ">
            <subfield code="a">12 v. ;</subfield>
            <subfield code="c">16 cm.</subfield>
          </datafield>
          <datafield tag="500" ind1=" " ind2=" ">
            <subfield code="a">Editors: v. 1-3, Carle Garels; v. 4-8, A. Werner; v. 9-12, Albert Osterrieth.</subfield>
          </datafield>
          <datafield tag="500" ind1=" " ind2=" ">
            <subfield code="a">Each vol. has also special t.p. Vols. 7-12: Patent-, Muster- und Markenschutz. Die Patent-, Muster- und Markenschutzgesetze des Erdballs. N.F. des Patentgesetzgebung. Bd. 1-6.</subfield>
          </datafield>
          <datafield tag="650" ind1=" " ind2="0">
            <subfield code="a">Patent laws and legislation.</subfield>
          </datafield>
          <datafield tag="700" ind1="1" ind2=" ">
            <subfield code="a">Gareis, Karl,</subfield>
            <subfield code="d">1844-1923.</subfield>
          </datafield>
          <datafield tag="700" ind1="1" ind2=" ">
            <subfield code="a">Werner, A.</subfield>
            <subfield code="c">(Writer on patent law)</subfield>
          </datafield>
          <datafield tag="700" ind1="1" ind2=" ">
            <subfield code="a">Osterrieth, Albert,</subfield>
            <subfield code="d">1865-1926.</subfield>
          </datafield>
        </record>
      </zs:recordData>
      <zs:recordPosition>19</zs:recordPosition>
    </zs:record>