
    <zs:record>
      <zs:recordSchema/>
      <zs:recordPacking>xml</zs:recordPacking>
      <zs:recordData>
        <record xmlns="http://www.loc.gov/MARC21/slim">
          <leader>01437nam a2200361 a 4500</leader>
          <controlfield tag="001">3491128</controlfield>
          <controlfield tag="005">19940408105605.8</controlfield>
          <controlfield tag="008">940113s1989    sz ab    b    000 0 ger d</controlfield>
          <datafield tag="035" ind1=" " ind2=" ">
            <subfield code="9">(DLC)   94105896</subfield>
          </datafield>
          <datafield tag="906" ind1=" " ind2=" ">
            <subfield code="a">7</subfield>
            <subfield code="b">cbc</subfield>
            <subfield code="c">copycat</subfield>
            <subfield code="d">3</subfield>
            <subfield code="e">ncip</subfield>
            <subfield code="f">19</subfield>
            <subfield code="g">y-gencatlg</subfield>
          </datafield>
          <datafield tag="955" ind1=" " ind2=" ">
            <subfield code="a">ub13 11-19-93 to cat.; sc09 01-13-94; sc13 02-08-94; sc02 to DDC 03-31-94</subfield>
          </datafield>
          <datafield tag="010" ind1=" " ind2=" ">
            <subfield code="a">   94105896 </subfield>
          </datafield>
          <datafield tag="020" ind1=" " ind2=" ">
            <subfield code="a">385977087X</subfield>
          </datafield>
          <datafield tag="035" ind1=" " ind2=" ">
            <subfield code="a">(OCoLC)24084324</subfield>
          </datafield>
          <datafield tag="040" ind1=" " ind2=" ">
            <subfield code="a">NN</subfield>
            <subfield code="c">NN</subfield>
            <subfield code="d">AzTeS</subfield>
            <subfield code="d">DLC</subfield>
          </datafield>
          <datafield tag="042" ind1=" " ind2=" ">
            <subfield code="a">lccopycat</subfield>
          </datafield>
          <datafield tag="043" ind1=" " ind2=" ">
            <subfield code="a">e-sz---</subfield>
          </datafield>
          <datafield tag="050" ind1="0" ind2="0">
            <subfield code="a">HC398.7.B3</subfield>
            <subfield code="b">S67 1989</subfield>
          </datafield>
          <datafield tag="245" ind1="0" ind2="0">
            <subfield code="a">Stadt und Land in Partnerschaft? :</subfield>
            <subfield code="b">zur aktuellen Situation der Bevölkerung beider Basel /</subfield>
            <subfield code="c">mit Beiträgen von W. Gallusser ... [et al.] ; und einem Vorwort von Thierry A. Freyvogel.</subfield>
          </datafield>
          <datafield tag="260" ind1=" " ind2=" ">
            <subfield code="a">Basel :</subfield>
            <subfield code="b">Wepf,</subfield>
            <subfield code="c">c1989.</subfield>
          </datafield>
          <datafield tag="300" ind1=" " ind2=" ">
            <subfield code="a">168 p. :</subfield>
            <subfield code="b">ill., maps ;</subfield>
            <subfield code="c">30 cm.</subfield>
          </datafield>
          <datafield tag="440" ind1=" " ind2="0">
            <subfield code="a">Basler Feldbuch ;</subfield>
            <subfield code="v">Bd. 7</subfield>
          </datafield>
          <datafield tag="504" ind1=" " ind2=" ">
            <subfield code="a">Includes bibliographical references (p. 168).</subfield>
          </datafield>
          <datafield tag="651" ind1=" " ind2="0">
            <subfield code="a">Baselland (Switzerland)</subfield>
            <subfield code="x">Economic conditions.</subfield>
          </datafield>
          <datafield tag="651" ind1=" " ind2="0">
            <subfield code="a">Basel (Switzerland)</subfield>
            <subfield code="x">Economic conditions.</subfield>
          </datafield>
          <datafield tag="650" ind1=" " ind2="0">
            <subfield code="a">Cooperation</subfield>
            <subfield code="z">Switzerland</subfield>
            <subfield code="z">Basel.</subfield>
          </datafield>
          <datafield tag="650" ind1=" " ind2="0">
            <subfield code="a">Cooperation</subfield>
            <subfield code="z">Switzerland</subfield>
            <subfield code="z">Baselland.</subfield>
          </datafield>
          <datafield tag="650" ind1=" " ind2="0">
            <subfield code="a">Regional planning</subfield>
            <subfield code="z">Switzerland</subfield>
            <subfield code="z">Baselland.</subfield>
          </datafield>
          <datafield tag="651" ind1=" " ind2="0">
            <subfield code="a">Basel (Switzerland)</subfield>
            <subfield code="x">Politics and government.</subfield>
          </datafield>
          <datafield tag="651" ind1=" " ind2="0">
            <subfield code="a">Baselland (Switzerland)</subfield>
            <subfield code="x">Politics and government.</subfield>
          </datafield>
          <datafield tag="700" ind1="1" ind2=" ">
            <subfield code="a">Gallusser, Werner A.</subfield>
          </datafield>
          <datafield tag="922" ind1=" " ind2=" ">
            <subfield code="a">ax</subfield>
          </datafield>
          <datafield tag="991" ind1=" " ind2=" ">
            <subfield code="b">c-GenColl</subfield>
            <subfield code="h">HC398.7.B3</subfield>
            <subfield code="i">S67 1989</subfield>
            <subfield code="t">Copy 1</subfield>
            <subfield code="w">BOOKS</subfield>
          </datafield>
        </record>
      </zs:recordData>
      <zs:recordPosition>22</zs:recordPosition>
    </zs:record>