
    <zs:record>
      <zs:recordSchema/>
      <zs:recordPacking>xml</zs:recordPacking>
      <zs:recordData>
        <record xmlns="http://www.loc.gov/MARC21/slim">
          <leader>00959cam a2200301   4500</leader>
          <controlfield tag="001">3636334</controlfield>
          <controlfield tag="005">19850205000000.0</controlfield>
          <controlfield tag="008">701014s1970    enka     b    000 0 eng  </controlfield>
          <datafield tag="035" ind1=" " ind2=" ">
            <subfield code="9">(DLC)   75080980</subfield>
          </datafield>
          <datafield tag="906" ind1=" " ind2=" ">
            <subfield code="a">7</subfield>
            <subfield code="b">cbc</subfield>
            <subfield code="c">orignew</subfield>
            <subfield code="d">2</subfield>
            <subfield code="e">ncip</subfield>
            <subfield code="f">19</subfield>
            <subfield code="g">y-gencatlg</subfield>
          </datafield>
          <datafield tag="010" ind1=" " ind2=" ">
            <subfield code="a">   75080980 </subfield>
          </datafield>
          <datafield tag="015" ind1=" " ind2=" ">
            <subfield code="a">B***</subfield>
          </datafield>
          <datafield tag="020" ind1=" " ind2=" ">
            <subfield code="a">0471073016</subfield>
          </datafield>
          <datafield tag="040" ind1=" " ind2=" ">
            <subfield code="a">DLC</subfield>
            <subfield code="c">DLC</subfield>
            <subfield code="d">DLC</subfield>
          </datafield>
          <datafield tag="041" ind1="1" ind2=" ">
            <subfield code="a">engger</subfield>
          </datafield>
          <datafield tag="050" ind1="0" ind2="0">
            <subfield code="a">QC451</subfield>
            <subfield code="b">.B513</subfield>
          </datafield>
          <datafield tag="082" ind1="0" ind2="0">
            <subfield code="a">535/.84</subfield>
          </datafield>
          <datafield tag="100" ind1="1" ind2=" ">
            <subfield code="a">Bingel, Werner A.</subfield>
          </datafield>
          <datafield tag="240" ind1="1" ind2="0">
            <subfield code="a">Theorie der Molekülspektren.</subfield>
            <subfield code="l">English</subfield>
          </datafield>
          <datafield tag="245" ind1="1" ind2="0">
            <subfield code="a">Theory of molecular spectra</subfield>
            <subfield code="c">[by] Werner A. Bingel.</subfield>
          </datafield>
          <datafield tag="260" ind1=" " ind2=" ">
            <subfield code="a">[Chichester, Eng.]</subfield>
            <subfield code="b">J. Wiley &amp; Sons</subfield>
            <subfield code="c">[1970]</subfield>
          </datafield>
          <datafield tag="300" ind1=" " ind2=" ">
            <subfield code="a">x, 180 p.</subfield>
            <subfield code="b">illus.</subfield>
            <subfield code="c">21 cm.</subfield>
          </datafield>
          <datafield tag="350" ind1=" " ind2=" ">
            <subfield code="a">25 German marks</subfield>
          </datafield>
          <datafield tag="490" ind1="0" ind2=" ">
            <subfield code="a">Chemical topics for students,</subfield>
            <subfield code="v">2</subfield>
          </datafield>
          <datafield tag="500" ind1=" " ind2=" ">
            <subfield code="a">Translation of Theorie der Molekülspektren.</subfield>
          </datafield>
          <datafield tag="504" ind1=" " ind2=" ">
            <subfield code="a">Bibliography: p. [173]-174.</subfield>
          </datafield>
          <datafield tag="650" ind1=" " ind2="0">
            <subfield code="a">Molecular spectroscopy.</subfield>
          </datafield>
          <datafield tag="991" ind1=" " ind2=" ">
            <subfield code="b">c-GenColl</subfield>
            <subfield code="h">QC451</subfield>
            <subfield code="i">.B513</subfield>
            <subfield code="p">00037372109</subfield>
            <subfield code="t">Copy 1</subfield>
            <subfield code="v">2</subfield>
            <subfield code="w">BOOKS</subfield>
          </datafield>
        </record>
      </zs:recordData>
      <zs:recordPosition>31</zs:recordPosition>
    </zs:record>