
    <zs:record>
      <zs:recordSchema/>
      <zs:recordPacking>xml</zs:recordPacking>
      <zs:recordData>
        <record xmlns="http://www.loc.gov/MARC21/slim">
          <leader>01407cam a22003135a 4500</leader>
          <controlfield tag="001">11808029</controlfield>
          <controlfield tag="005">20030710164838.0</controlfield>
          <controlfield tag="008">991012s1998    sz       b    000 0 ger  </controlfield>
          <datafield tag="906" ind1=" " ind2=" ">
            <subfield code="a">7</subfield>
            <subfield code="b">cbc</subfield>
            <subfield code="c">orignew</subfield>
            <subfield code="d">3</subfield>
            <subfield code="e">ncip</subfield>
            <subfield code="f">19</subfield>
            <subfield code="g">y-gencatlg</subfield>
          </datafield>
          <datafield tag="925" ind1="0" ind2=" ">
            <subfield code="a">acquire</subfield>
            <subfield code="b">1 shelf copy</subfield>
            <subfield code="x">policy default</subfield>
          </datafield>
          <datafield tag="955" ind1=" " ind2=" ">
            <subfield code="a">of18 09-21-99 to HLCD</subfield>
            <subfield code="c">ld10 2002-06-03 to HLCD-General</subfield>
            <subfield code="a">lg22 2003-01-21 to SSCD</subfield>
            <subfield code="d">sc05 2003-06-24</subfield>
            <subfield code="d">sc01 2003-06-30 (review)</subfield>
            <subfield code="e">sc02 2003-07-10 to BCCD</subfield>
          </datafield>
          <datafield tag="010" ind1=" " ind2=" ">
            <subfield code="a">   99514738 </subfield>
          </datafield>
          <datafield tag="020" ind1=" " ind2=" ">
            <subfield code="a">3908127173</subfield>
          </datafield>
          <datafield tag="040" ind1=" " ind2=" ">
            <subfield code="a">DLC</subfield>
            <subfield code="c">DLC</subfield>
          </datafield>
          <datafield tag="043" ind1=" " ind2=" ">
            <subfield code="a">e-sz---</subfield>
          </datafield>
          <datafield tag="050" ind1="0" ind2="0">
            <subfield code="a">HE8689.7.P82</subfield>
            <subfield code="b">B66 1998</subfield>
          </datafield>
          <datafield tag="100" ind1="1" ind2=" ">
            <subfield code="a">Bonfadelli, Heinz,</subfield>
            <subfield code="d">1949-</subfield>
          </datafield>
          <datafield tag="245" ind1="1" ind2="0">
            <subfield code="a">Öffentlicher Rundfunk und Kultur :</subfield>
            <subfield code="b">die SRG zwischen gesellschaftlichem Auftrag und wirtschaftlichem Kalkül /</subfield>
            <subfield code="c">Heinz Bonfadelli, Werner A. Meier, Michael Schanne.</subfield>
          </datafield>
          <datafield tag="260" ind1=" " ind2=" ">
            <subfield code="a">Zürich :</subfield>
            <subfield code="b">IPMZ--Institut für Publizistikwissenschaft und Medienforschung der Universität Zürich,</subfield>
            <subfield code="c">c1998.</subfield>
          </datafield>
          <datafield tag="300" ind1=" " ind2=" ">
            <subfield code="a">132 p. ;</subfield>
            <subfield code="c">22 cm.</subfield>
          </datafield>
          <datafield tag="490" ind1="1" ind2=" ">
            <subfield code="a">Reihe Diskussionspunkt ;</subfield>
            <subfield code="v">Bd. 36</subfield>
          </datafield>
          <datafield tag="504" ind1=" " ind2=" ">
            <subfield code="a">Includes bibliographical references (p. 129-132).</subfield>
          </datafield>
          <datafield tag="650" ind1=" " ind2="0">
            <subfield code="a">Public broadcasting</subfield>
            <subfield code="z">Switzerland.</subfield>
          </datafield>
          <datafield tag="650" ind1=" " ind2="0">
            <subfield code="a">Public broadcasting</subfield>
            <subfield code="x">Social aspects</subfield>
            <subfield code="z">Switzerland.</subfield>
          </datafield>
          <datafield tag="650" ind1=" " ind2="0">
            <subfield code="a">Public broadcasting</subfield>
            <subfield code="z">Switzerland</subfield>
            <subfield code="x">Finance.</subfield>
          </datafield>
          <datafield tag="610" ind1="2" ind2="0">
            <subfield code="a">Schweizerische Radio- und Fernsehgesellschaft.</subfield>
          </datafield>
          <datafield tag="700" ind1="1" ind2=" ">
            <subfield code="a">Meier, Werner A.,</subfield>
            <subfield code="d">1948-</subfield>
          </datafield>
          <datafield tag="700" ind1="1" ind2=" ">
            <subfield code="a">Schanne, Michael.</subfield>
          </datafield>
          <datafield tag="830" ind1=" " ind2="0">
            <subfield code="a">Diskussionspunkt ;</subfield>
            <subfield code="v">Bd. 36.</subfield>
          </datafield>
        </record>
      </zs:recordData>
      <zs:recordPosition>32</zs:recordPosition>
    </zs:record>