
    <zs:record>
      <zs:recordSchema/>
      <zs:recordPacking>xml</zs:recordPacking>
      <zs:recordData>
        <record xmlns="http://www.loc.gov/MARC21/slim">
          <leader>01293cam a2200313   4500</leader>
          <controlfield tag="001">2277447</controlfield>
          <controlfield tag="005">20080123131713.0</controlfield>
          <controlfield tag="008">710712s1970    enkaeh   b    100 0 eng  </controlfield>
          <datafield tag="035" ind1=" " ind2=" ">
            <subfield code="9">(DLC)   78571731</subfield>
          </datafield>
          <datafield tag="906" ind1=" " ind2=" ">
            <subfield code="a">7</subfield>
            <subfield code="b">cbc</subfield>
            <subfield code="c">orignew</subfield>
            <subfield code="d">3</subfield>
            <subfield code="e">ncip</subfield>
            <subfield code="f">19</subfield>
            <subfield code="g">y-gencatlg</subfield>
          </datafield>
          <datafield tag="010" ind1=" " ind2=" ">
            <subfield code="a">   78571731 </subfield>
          </datafield>
          <datafield tag="015" ind1=" " ind2=" ">
            <subfield code="a">B70-19751</subfield>
          </datafield>
          <datafield tag="020" ind1=" " ind2=" ">
            <subfield code="a">0900682035</subfield>
          </datafield>
          <datafield tag="040" ind1=" " ind2=" ">
            <subfield code="a">DLC</subfield>
            <subfield code="c">DLC</subfield>
            <subfield code="d">DLC</subfield>
          </datafield>
          <datafield tag="041" ind1="0" ind2=" ">
            <subfield code="a">engfreger</subfield>
          </datafield>
          <datafield tag="050" ind1="0" ind2="0">
            <subfield code="a">NK5100.5</subfield>
            <subfield code="b">.I5 1968</subfield>
          </datafield>
          <datafield tag="082" ind1="0" ind2="0">
            <subfield code="a">748.2</subfield>
          </datafield>
          <datafield tag="111" ind1="2" ind2=" ">
            <subfield code="a">International Congress on Glass,</subfield>
            <subfield code="n">8th,</subfield>
            <subfield code="c">London,</subfield>
            <subfield code="d">1968.</subfield>
          </datafield>
          <datafield tag="245" ind1="1" ind2="0">
            <subfield code="a">Studies in glass history and design:</subfield>
            <subfield code="b">papers read to Committee B Sessions of the VIIIth International Congress on Glass, held in London, 1st-6th July 1968;</subfield>
            <subfield code="c">editors R. J. Charleston (history), Wendy Evans (design), A. E. Werner (scientific aspects of historical studies).</subfield>
          </datafield>
          <datafield tag="260" ind1=" " ind2=" ">
            <subfield code="a">[Sheffield,</subfield>
            <subfield code="b">Society of Glass Technology,</subfield>
            <subfield code="c">1970]</subfield>
          </datafield>
          <datafield tag="300" ind1=" " ind2=" ">
            <subfield code="a">[5], 135 p.</subfield>
            <subfield code="b">illus., facsims., 2 plans.</subfield>
            <subfield code="c">30 cm.</subfield>
          </datafield>
          <datafield tag="350" ind1=" " ind2=" ">
            <subfield code="a">40/-</subfield>
          </datafield>
          <datafield tag="500" ind1=" " ind2=" ">
            <subfield code="a">English, French, or German.</subfield>
          </datafield>
          <datafield tag="504" ind1=" " ind2=" ">
            <subfield code="a">Includes bibliographical references.</subfield>
          </datafield>
          <datafield tag="650" ind1=" " ind2="0">
            <subfield code="a">Glassware</subfield>
            <subfield code="v">Congresses.</subfield>
          </datafield>
          <datafield tag="700" ind1="1" ind2=" ">
            <subfield code="a">Charleston, R. J.</subfield>
            <subfield code="q">(Robert Jesse),</subfield>
            <subfield code="d">1916-</subfield>
            <subfield code="e">ed.</subfield>
          </datafield>
          <datafield tag="700" ind1="1" ind2=" ">
            <subfield code="a">Evans, Wendy,</subfield>
            <subfield code="d">1952-</subfield>
            <subfield code="e">ed.</subfield>
          </datafield>
          <datafield tag="700" ind1="1" ind2=" ">
            <subfield code="a">Werner, A. E. A.</subfield>
            <subfield code="q">(Alfred Emil Anthony),</subfield>
            <subfield code="d">1911-2006.</subfield>
          </datafield>
          <datafield tag="991" ind1=" " ind2=" ">
            <subfield code="b">c-GenColl</subfield>
            <subfield code="h">NK5100.5</subfield>
            <subfield code="i">.I5 1968</subfield>
            <subfield code="t">Copy 1</subfield>
            <subfield code="w">BOOKS</subfield>
          </datafield>
        </record>
      </zs:recordData>
      <zs:recordPosition>46</zs:recordPosition>
    </zs:record>