
    <zs:record>
      <zs:recordSchema/>
      <zs:recordPacking>xml</zs:recordPacking>
      <zs:recordData>
        <record xmlns="http://www.loc.gov/MARC21/slim">
          <leader>01054cam a2200289 i 4500</leader>
          <controlfield tag="001">3236361</controlfield>
          <controlfield tag="005">20001122134830.0</controlfield>
          <controlfield tag="008">790709s1977    ne       b    000 0 dut  </controlfield>
          <datafield tag="035" ind1=" " ind2=" ">
            <subfield code="9">(DLC)   79356696</subfield>
          </datafield>
          <datafield tag="906" ind1=" " ind2=" ">
            <subfield code="a">7</subfield>
            <subfield code="b">cbc</subfield>
            <subfield code="c">orignew</subfield>
            <subfield code="d">4</subfield>
            <subfield code="e">ncip</subfield>
            <subfield code="f">19</subfield>
            <subfield code="g">y-gencatlg</subfield>
          </datafield>
          <datafield tag="010" ind1=" " ind2=" ">
            <subfield code="a">   79356696 </subfield>
          </datafield>
          <datafield tag="020" ind1=" " ind2=" ">
            <subfield code="a">9062525121 :</subfield>
            <subfield code="c">fl 5.75</subfield>
          </datafield>
          <datafield tag="040" ind1=" " ind2=" ">
            <subfield code="a">DLC</subfield>
            <subfield code="c">DLC</subfield>
            <subfield code="d">DLC</subfield>
          </datafield>
          <datafield tag="043" ind1=" " ind2=" ">
            <subfield code="a">e-fi---</subfield>
          </datafield>
          <datafield tag="050" ind1="0" ind2="0">
            <subfield code="a">Z1037.A1</subfield>
            <subfield code="b">K5412 1977</subfield>
          </datafield>
          <datafield tag="100" ind1="1" ind2=" ">
            <subfield code="a">Kleije, Werner A.</subfield>
          </datafield>
          <datafield tag="245" ind1="1" ind2="3">
            <subfield code="a">De leesgewoonten van kinderen en jongeren :</subfield>
            <subfield code="b">methoden van onderzoek /</subfield>
            <subfield code="c">door Werner A. Kleije gevolgd door Studies betreffende de leesbehoeften in Finland / door Kaija Salonen.</subfield>
          </datafield>
          <datafield tag="250" ind1=" " ind2=" ">
            <subfield code="a">2e herz. dr.</subfield>
          </datafield>
          <datafield tag="260" ind1=" " ind2=" ">
            <subfield code="a">Den Haag :</subfield>
            <subfield code="b">NBLC,</subfield>
            <subfield code="c">1977.</subfield>
          </datafield>
          <datafield tag="300" ind1=" " ind2=" ">
            <subfield code="a">23 p. ;</subfield>
            <subfield code="c">21 cm.</subfield>
          </datafield>
          <datafield tag="440" ind1=" " ind2="0">
            <subfield code="a">Buiten het boekje ;</subfield>
            <subfield code="v">2</subfield>
          </datafield>
          <datafield tag="500" ind1=" " ind2=" ">
            <subfield code="a">Ne77</subfield>
          </datafield>
          <datafield tag="504" ind1=" " ind2=" ">
            <subfield code="a">Bibliography: p. 22-23.</subfield>
          </datafield>
          <datafield tag="650" ind1=" " ind2="0">
            <subfield code="a">Children</subfield>
            <subfield code="x">Books and reading</subfield>
            <subfield code="z">Finland.</subfield>
          </datafield>
          <datafield tag="650" ind1=" " ind2="0">
            <subfield code="a">Readership surveys</subfield>
            <subfield code="z">Finland.</subfield>
          </datafield>
          <datafield tag="700" ind1="1" ind2="2">
            <subfield code="a">Salonen, Kaija.</subfield>
            <subfield code="t">Studies betreffende de leesbehoeften in Finland. 1977.</subfield>
          </datafield>
          <datafield tag="991" ind1=" " ind2=" ">
            <subfield code="b">c-GenColl</subfield>
            <subfield code="h">Z1037.A1</subfield>
            <subfield code="i">K5412 1977</subfield>
            <subfield code="t">Copy 1</subfield>
            <subfield code="w">BOOKS</subfield>
          </datafield>
        </record>
      </zs:recordData>
      <zs:recordPosition>51</zs:recordPosition>
    </zs:record>