
    <zs:record>
      <zs:recordSchema/>
      <zs:recordPacking>xml</zs:recordPacking>
      <zs:recordData>
        <record xmlns="http://www.loc.gov/MARC21/slim">
          <leader>01271cam a22002777a 4500</leader>
          <controlfield tag="001">4737679</controlfield>
          <controlfield tag="005">20150506180954.0</controlfield>
          <controlfield tag="008">840306s1983    gw a     b    000 0 ger  </controlfield>
          <datafield tag="035" ind1=" " ind2=" ">
            <subfield code="9">(DLC)   84129472</subfield>
          </datafield>
          <datafield tag="906" ind1=" " ind2=" ">
            <subfield code="a">7</subfield>
            <subfield code="b">cbc</subfield>
            <subfield code="c">orignew</subfield>
            <subfield code="d">4</subfield>
            <subfield code="e">ncip</subfield>
            <subfield code="f">19</subfield>
            <subfield code="g">y-gencatlg</subfield>
          </datafield>
          <datafield tag="010" ind1=" " ind2=" ">
            <subfield code="a">   84129472 </subfield>
          </datafield>
          <datafield tag="040" ind1=" " ind2=" ">
            <subfield code="a">DLC</subfield>
            <subfield code="c">DLC</subfield>
            <subfield code="d">DLC</subfield>
          </datafield>
          <datafield tag="041" ind1="1" ind2=" ">
            <subfield code="a">ger</subfield>
            <subfield code="h">eng</subfield>
          </datafield>
          <datafield tag="050" ind1="0" ind2="0">
            <subfield code="a">MLCM 90/05688 (Q)</subfield>
          </datafield>
          <datafield tag="100" ind1="1" ind2=" ">
            <subfield code="a">Kurz, W. A.</subfield>
            <subfield code="q">(Werner A.)</subfield>
          </datafield>
          <datafield tag="245" ind1="1" ind2="0">
            <subfield code="a">Biomasse eines amazonischen immergrünen Feuchtwaldes :</subfield>
            <subfield code="b">Entwicklung von Biomasseregressionen /</subfield>
            <subfield code="c">von W.A. Kurz ; [Herausgeber, Bundesforschungsanstalt für Forst- und Holzwirtschaft Hamburg].</subfield>
          </datafield>
          <datafield tag="260" ind1=" " ind2=" ">
            <subfield code="a">Hamburg :</subfield>
            <subfield code="b">Kommissionsverlag, Buchhandlung M. Wiedebusch,</subfield>
            <subfield code="c">1983.</subfield>
          </datafield>
          <datafield tag="300" ind1=" " ind2=" ">
            <subfield code="a">iii leaves, 98 p. :</subfield>
            <subfield code="b">ill. ;</subfield>
            <subfield code="c">30 cm.</subfield>
          </datafield>
          <datafield tag="490" ind1="1" ind2=" ">
            <subfield code="a">Mitteilungen der Bundesforschungsanstalt für Forst- und Holzwirtschaft Hamburg,</subfield>
            <subfield code="x">0368-8798 ;</subfield>
            <subfield code="v">Nr. 139</subfield>
          </datafield>
          <datafield tag="500" ind1=" " ind2=" ">
            <subfield code="a">The author's Diplomarbeit--Universität Hamburg.</subfield>
          </datafield>
          <datafield tag="500" ind1=" " ind2=" ">
            <subfield code="a">Summary in English and German.</subfield>
          </datafield>
          <datafield tag="504" ind1=" " ind2=" ">
            <subfield code="a">Bibliography: p. 79-85.</subfield>
          </datafield>
          <datafield tag="710" ind1="2" ind2=" ">
            <subfield code="a">Bundesforschungsanstalt für Forst- und Holzwirtschaft (Germany)</subfield>
          </datafield>
          <datafield tag="830" ind1=" " ind2="0">
            <subfield code="a">Mitteilungen der Bundesforschungsanstalt für Forst- und Holzwirtschaft Hamburg-Reinbek ;</subfield>
            <subfield code="v">Nr. 139.</subfield>
          </datafield>
          <datafield tag="922" ind1=" " ind2=" ">
            <subfield code="a">ax</subfield>
          </datafield>
          <datafield tag="991" ind1=" " ind2=" ">
            <subfield code="b">c-GenColl</subfield>
            <subfield code="h">MLCM 90/05688 (Q)</subfield>
            <subfield code="t">Copy 1</subfield>
            <subfield code="w">BOOKS</subfield>
          </datafield>
        </record>
      </zs:recordData>
      <zs:recordPosition>54</zs:recordPosition>
    </zs:record>