
    <zs:record>
      <zs:recordSchema/>
      <zs:recordPacking>xml</zs:recordPacking>
      <zs:recordData>
        <record xmlns="http://www.loc.gov/MARC21/slim">
          <leader>01286nam a2200265 a 4500</leader>
          <controlfield tag="001">1924043</controlfield>
          <controlfield tag="005">19860311000000.0</controlfield>
          <controlfield tag="008">850830s1984    sz a     b    000 0 ger  </controlfield>
          <datafield tag="035" ind1=" " ind2=" ">
            <subfield code="9">(DLC)   85199249</subfield>
          </datafield>
          <datafield tag="906" ind1=" " ind2=" ">
            <subfield code="a">7</subfield>
            <subfield code="b">cbc</subfield>
            <subfield code="c">orignew</subfield>
            <subfield code="d">2</subfield>
            <subfield code="e">ncip</subfield>
            <subfield code="f">19</subfield>
            <subfield code="g">y-gencatlg</subfield>
          </datafield>
          <datafield tag="010" ind1=" " ind2=" ">
            <subfield code="a">   85199249 </subfield>
          </datafield>
          <datafield tag="020" ind1=" " ind2=" ">
            <subfield code="a">3261034572</subfield>
          </datafield>
          <datafield tag="040" ind1=" " ind2=" ">
            <subfield code="a">DLC</subfield>
            <subfield code="c">DLC</subfield>
            <subfield code="d">DLC</subfield>
          </datafield>
          <datafield tag="050" ind1="0" ind2="0">
            <subfield code="a">P96.I5</subfield>
            <subfield code="b">M45 1984</subfield>
          </datafield>
          <datafield tag="082" ind1="0" ind2="0">
            <subfield code="a">001.51</subfield>
            <subfield code="2">19</subfield>
          </datafield>
          <datafield tag="100" ind1="1" ind2=" ">
            <subfield code="a">Meier, Werner A.,</subfield>
            <subfield code="d">1948-</subfield>
          </datafield>
          <datafield tag="245" ind1="1" ind2="0">
            <subfield code="a">Ungleicher Nachrichtenaustausch und fragmentarische Weltbilder :</subfield>
            <subfield code="b">eine empirische Studie über Strukturmerkmale in der Auslandberichterstattung /</subfield>
            <subfield code="c">Werner A. Meier.</subfield>
          </datafield>
          <datafield tag="260" ind1=" " ind2=" ">
            <subfield code="a">Bern ;</subfield>
            <subfield code="a">New York :</subfield>
            <subfield code="b">P. Lang,</subfield>
            <subfield code="c">c1984.</subfield>
          </datafield>
          <datafield tag="300" ind1=" " ind2=" ">
            <subfield code="a">241, vi p. :</subfield>
            <subfield code="b">ill. ;</subfield>
            <subfield code="c">21 cm.</subfield>
          </datafield>
          <datafield tag="490" ind1="1" ind2=" ">
            <subfield code="a">Europäische Hochschulschriften. Reihe XL, Kommunikationswissenschaft und Publizistik ;</subfield>
            <subfield code="v">Bd. 1 =</subfield>
            <subfield code="a">Publications universitaires européennes. Série XL, Media et journalisme ;</subfield>
            <subfield code="v">vol. 1 =</subfield>
            <subfield code="a">European university studies. Series XL, Communications ;</subfield>
            <subfield code="v">vol. 1</subfield>
          </datafield>
          <datafield tag="504" ind1=" " ind2=" ">
            <subfield code="a">Bibliography: p. 224-241.</subfield>
          </datafield>
          <datafield tag="650" ind1=" " ind2="0">
            <subfield code="a">Communication, International.</subfield>
          </datafield>
          <datafield tag="650" ind1=" " ind2="0">
            <subfield code="a">Communication</subfield>
            <subfield code="x">International cooperation.</subfield>
          </datafield>
          <datafield tag="830" ind1=" " ind2="0">
            <subfield code="a">Europäische Hochschulschriften.</subfield>
            <subfield code="n">Reihe XL,</subfield>
            <subfield code="p">Kommunikationswissenschaft und Publizistik ;</subfield>
            <subfield code="v">Bd. 1.</subfield>
          </datafield>
          <datafield tag="991" ind1=" " ind2=" ">
            <subfield code="b">c-GenColl</subfield>
            <subfield code="h">P96.I5</subfield>
            <subfield code="i">M45 1984</subfield>
            <subfield code="p">00030212812</subfield>
            <subfield code="t">Copy 1</subfield>
            <subfield code="w">BOOKS</subfield>
          </datafield>
        </record>
      </zs:recordData>
      <zs:recordPosition>65</zs:recordPosition>
    </zs:record>