
    <zs:record>
      <zs:recordSchema/>
      <zs:recordPacking>xml</zs:recordPacking>
      <zs:recordData>
        <record xmlns="http://www.loc.gov/MARC21/slim">
          <leader>00907cam a2200253u  4500</leader>
          <controlfield tag="001">7354040</controlfield>
          <controlfield tag="005">20230119164440.0</controlfield>
          <controlfield tag="008">820930s1932    gw ab         000 0 eng  </controlfield>
          <datafield tag="906" ind1=" " ind2=" ">
            <subfield code="a">0</subfield>
            <subfield code="b">cbc</subfield>
            <subfield code="c">premunv</subfield>
            <subfield code="d">u</subfield>
            <subfield code="e">ncip</subfield>
            <subfield code="f">19</subfield>
            <subfield code="g">y-gencatlg</subfield>
          </datafield>
          <datafield tag="955" ind1=" " ind2=" ">
            <subfield code="u">ma02 2022-01-19 telework</subfield>
          </datafield>
          <datafield tag="035" ind1=" " ind2=" ">
            <subfield code="9">(DLC)   33035449</subfield>
          </datafield>
          <datafield tag="010" ind1=" " ind2=" ">
            <subfield code="a">   33035449 </subfield>
          </datafield>
          <datafield tag="040" ind1=" " ind2=" ">
            <subfield code="a">DLC</subfield>
            <subfield code="c">CarP</subfield>
            <subfield code="d">DLC</subfield>
          </datafield>
          <datafield tag="041" ind1="1" ind2=" ">
            <subfield code="a">eng</subfield>
            <subfield code="h">ger</subfield>
          </datafield>
          <datafield tag="050" ind1="0" ind2="0">
            <subfield code="a">PL8025</subfield>
            <subfield code="b">.M43</subfield>
          </datafield>
          <datafield tag="100" ind1="1" ind2=" ">
            <subfield code="a">Meinhof, Carl,</subfield>
            <subfield code="d">1857-1944.</subfield>
          </datafield>
          <datafield tag="240" ind1="1" ind2="0">
            <subfield code="a">Grundriss einer Lautlehre der Bantusprachen.</subfield>
            <subfield code="l">English</subfield>
          </datafield>
          <datafield tag="245" ind1="0" ind2="0">
            <subfield code="a">Introduction to the phonology of the Bantu languages.</subfield>
          </datafield>
          <datafield tag="260" ind1=" " ind2=" ">
            <subfield code="a">Berlin,</subfield>
            <subfield code="b">D. Reimer/E. Vohsen,</subfield>
            <subfield code="c">1932.</subfield>
          </datafield>
          <datafield tag="300" ind1=" " ind2=" ">
            <subfield code="a">4 p.l., 248 p.</subfield>
            <subfield code="b">illus., fold. map.</subfield>
            <subfield code="c">26 cm.</subfield>
          </datafield>
          <datafield tag="650" ind1=" " ind2="0">
            <subfield code="a">Bantu languages</subfield>
            <subfield code="x">Phonology.</subfield>
          </datafield>
          <datafield tag="700" ind1="1" ind2=" ">
            <subfield code="a">Van Warmelo, N. J.</subfield>
            <subfield code="q">(Nicolaas Jacobus),</subfield>
            <subfield code="d">1904-</subfield>
            <subfield code="e">editor,</subfield>
            <subfield code="e">translator.</subfield>
          </datafield>
          <datafield tag="700" ind1="1" ind2=" ">
            <subfield code="a">Werner, Alice,</subfield>
            <subfield code="d">1859-1935,</subfield>
            <subfield code="e">translator.</subfield>
          </datafield>
          <datafield tag="991" ind1=" " ind2=" ">
            <subfield code="b">c-GenColl</subfield>
            <subfield code="h">PL8025</subfield>
            <subfield code="i">.M43</subfield>
            <subfield code="t">Copy 1</subfield>
            <subfield code="w">PREM</subfield>
          </datafield>
        </record>
      </zs:recordData>
      <zs:recordPosition>67</zs:recordPosition>
    </zs:record>