
    <zs:record>
      <zs:recordSchema/>
      <zs:recordPacking>xml</zs:recordPacking>
      <zs:recordData>
        <record xmlns="http://www.loc.gov/MARC21/slim">
          <leader>05016cam a22006255i 4500</leader>
          <controlfield tag="001">21681451</controlfield>
          <controlfield tag="005">20200928163609.0</controlfield>
          <controlfield tag="006">m    |o  d |      </controlfield>
          <controlfield tag="007">cr |||||||||||</controlfield>
          <controlfield tag="008">150103s2015    gw |||| o    |||| 0|eng  </controlfield>
          <datafield tag="906" ind1=" " ind2=" ">
            <subfield code="a">0</subfield>
            <subfield code="b">ibc</subfield>
            <subfield code="c">origres</subfield>
            <subfield code="d">u</subfield>
            <subfield code="e">ncip</subfield>
            <subfield code="f">20</subfield>
            <subfield code="g">y-gencatlg</subfield>
          </datafield>
          <datafield tag="925" ind1="0" ind2=" ">
            <subfield code="a">acquire</subfield>
            <subfield code="e">pcnspringer</subfield>
            <subfield code="x">policy default</subfield>
          </datafield>
          <datafield tag="035" ind1=" " ind2=" ">
            <subfield code="a">(DE-He213)978-3-662-43784-1</subfield>
          </datafield>
          <datafield tag="010" ind1=" " ind2=" ">
            <subfield code="a">  2019747707</subfield>
          </datafield>
          <datafield tag="020" ind1=" " ind2=" ">
            <subfield code="a">9783662437841</subfield>
          </datafield>
          <datafield tag="024" ind1="7" ind2=" ">
            <subfield code="a">10.1007/978-3-662-43784-1</subfield>
            <subfield code="2">doi</subfield>
          </datafield>
          <datafield tag="040" ind1=" " ind2=" ">
            <subfield code="a">DLC</subfield>
            <subfield code="b">eng</subfield>
            <subfield code="e">pn</subfield>
            <subfield code="e">rda</subfield>
            <subfield code="c">DLC</subfield>
          </datafield>
          <datafield tag="072" ind1=" " ind2="7">
            <subfield code="a">PSF</subfield>
            <subfield code="2">bicssc</subfield>
          </datafield>
          <datafield tag="072" ind1=" " ind2="7">
            <subfield code="a">PSF</subfield>
            <subfield code="2">thema</subfield>
          </datafield>
          <datafield tag="072" ind1=" " ind2="7">
            <subfield code="a">SCI072000</subfield>
            <subfield code="2">bisacsh</subfield>
          </datafield>
          <datafield tag="082" ind1="0" ind2="4">
            <subfield code="a">571.86</subfield>
            <subfield code="2">23</subfield>
          </datafield>
          <datafield tag="097" ind1="0" ind2="0">
            <subfield code="a">QH491</subfield>
          </datafield>
          <datafield tag="100" ind1="1" ind2=" ">
            <subfield code="a">Mueller, Werner A.</subfield>
            <subfield code="e">author.</subfield>
          </datafield>
          <datafield tag="245" ind1="1" ind2="0">
            <subfield code="a">Development and Reproduction in Humans and Animal Model Species /</subfield>
            <subfield code="c">by Werner A. Mueller, Monika Hassel, Maura Grealy.</subfield>
          </datafield>
          <datafield tag="250" ind1=" " ind2=" ">
            <subfield code="a">1st ed. 2015.</subfield>
          </datafield>
          <datafield tag="264" ind1=" " ind2="1">
            <subfield code="a">Berlin, Heidelberg :</subfield>
            <subfield code="b">Springer Berlin Heidelberg :</subfield>
            <subfield code="b">Imprint: Springer,</subfield>
            <subfield code="c">2015.</subfield>
          </datafield>
          <datafield tag="300" ind1=" " ind2=" ">
            <subfield code="a">1 online resource (XI, 725 pages 322 illustrations, 317 illustrations in color.)</subfield>
          </datafield>
          <datafield tag="336" ind1=" " ind2=" ">
            <subfield code="a">text</subfield>
            <subfield code="b">txt</subfield>
            <subfield code="2">rdacontent</subfield>
          </datafield>
          <datafield tag="337" ind1=" " ind2=" ">
            <subfield code="a">computer</subfield>
            <subfield code="b">c</subfield>
            <subfield code="2">rdamedia</subfield>
          </datafield>
          <datafield tag="338" ind1=" " ind2=" ">
            <subfield code="a">online resource</subfield>
            <subfield code="b">cr</subfield>
            <subfield code="2">rdacarrier</subfield>
          </datafield>
          <datafield tag="347" ind1=" " ind2=" ">
            <subfield code="a">text file</subfield>
            <subfield code="b">PDF</subfield>
            <subfield code="2">rda</subfield>
          </datafield>
          <datafield tag="505" ind1="0" ind2=" ">
            <subfield code="a">Development and Reproduction: An Introduction -- Stages and Principles of Animal Development Terms of Developmental Biology -- The Start: Fertilization, Activation of the Egg and a First Series of Cell Divisions (Cleavage) -- Model Organisms in Developmental Biology I: Invertebrates -- Development of Important Model Species II: Vertebrates -- The Human -- In Preparation for New Life I: Sex Determination and Sexual Development -- In Preparation for New Life II: Gametogenesis: The Development of Egg Cells and Sperm and Their Provision with Heritable Reserves -- Specification of Body Axes and Localized Fate Allotment by External and Maternal Cues -- Positional Information, Embryonic Induction and Pattern Formation by Cell-Cell-Communication -- Controlling Signals, Signal Propagation and Signal Transduction -- Development and Genes -- Application- Oriented Experiments with Early Vertebrate Embryos: Cloning, Transgenic Animals -- Morphogenesis: Shaping by Active Cell Movement, Differential Cell Adhesion and Cell Death -- Long Distance Wanderers and the Various Fates of the Neural Crest Cells -- The Nervous System and Central Sensory Organs -- Heart and Blood Vessels -- Stem cells, Regeneration, Regenerative Medicine -- Growth Control and Cancer -- Metamorphosis and its Hormonal Control -- Immortality or Ageing and Death: What is Nature's Aim? -- Evolution of Development.</subfield>
          </datafield>
          <datafield tag="520" ind1=" " ind2=" ">
            <subfield code="a">This book describes human development including sexual reproduction and stem cell research with the development of model organisms that are accessible to genetic and experimental analysis in readily understandable texts and 315 multi-colored graphics. The introductory account of model organisms selected from the entire animal kingdom presents general principles, which are then outlined in subsequent chapters devoted to, for example, sexual development; genes controlling development and their contemporary molecular-analysis methods; production of clones and transgenic animals; development of the nervous and circulatory systems; regenerative medicine and ageing. Finally the evolution of developmental toolkits and novelties is discussed including the genetic basis of the enlargement of the human forebrain. Separate boxes are devoted to controversial questions such as the benefits and problems of prenatal diagnostics or the construction of ancient body plans.</subfield>
          </datafield>
          <datafield tag="588" ind1=" " ind2=" ">
            <subfield code="a">Description based on publisher-supplied MARC data.</subfield>
          </datafield>
          <datafield tag="650" ind1=" " ind2="0">
            <subfield code="a">Animal anatomy.</subfield>
          </datafield>
          <datafield tag="650" ind1=" " ind2="0">
            <subfield code="a">Embryology.</subfield>
          </datafield>
          <datafield tag="650" ind1=" " ind2="0">
            <subfield code="a">Human physiology.</subfield>
          </datafield>
          <datafield tag="650" ind1=" " ind2="0">
            <subfield code="a">Regenerative medicine.</subfield>
          </datafield>
          <datafield tag="650" ind1=" " ind2="0">
            <subfield code="a">Reproductive medicine.</subfield>
          </datafield>
          <datafield tag="650" ind1=" " ind2="0">
            <subfield code="a">Tissue engineering.</subfield>
          </datafield>
          <datafield tag="650" ind1="1" ind2="4">
            <subfield code="a">Embryology.</subfield>
            <subfield code="0">https://scigraph.springernature.com/ontologies/product-market-codes/L18010</subfield>
          </datafield>
          <datafield tag="650" ind1="2" ind2="4">
            <subfield code="a">Animal Anatomy / Morphology / Histology.</subfield>
            <subfield code="0">https://scigraph.springernature.com/ontologies/product-market-codes/L25015</subfield>
          </datafield>
          <datafield tag="650" ind1="2" ind2="4">
            <subfield code="a">Human Physiology.</subfield>
            <subfield code="0">https://scigraph.springernature.com/ontologies/product-market-codes/B13004</subfield>
          </datafield>
          <datafield tag="650" ind1="2" ind2="4">
            <subfield code="a">Regenerative Medicine/Tissue Engineering.</subfield>
            <subfield code="0">https://scigraph.springernature.com/ontologies/product-market-codes/L16080</subfield>
          </datafield>
          <datafield tag="650" ind1="2" ind2="4">
            <subfield code="a">Reproductive Medicine.</subfield>
            <subfield code="0">https://scigraph.springernature.com/ontologies/product-market-codes/H56002</subfield>
          </datafield>
          <datafield tag="700" ind1="1" ind2=" ">
            <subfield code="a">Grealy, Maura.</subfield>
            <subfield code="e">author.</subfield>
          </datafield>
          <datafield tag="700" ind1="1" ind2=" ">
            <subfield code="a">Hassel, Monika.</subfield>
            <subfield code="e">author.</subfield>
          </datafield>
          <datafield tag="776" ind1="0" ind2="8">
            <subfield code="i">Print version:</subfield>
            <subfield code="t">Development and reproduction in humans and animal model species</subfield>
            <subfield code="z">9783662437834</subfield>
            <subfield code="w">(DLC)  2014958295</subfield>
          </datafield>
          <datafield tag="776" ind1="0" ind2="8">
            <subfield code="i">Printed edition:</subfield>
            <subfield code="z">9783662437834</subfield>
          </datafield>
          <datafield tag="776" ind1="0" ind2="8">
            <subfield code="i">Printed edition:</subfield>
            <subfield code="z">9783662437858</subfield>
          </datafield>
          <datafield tag="776" ind1="0" ind2="8">
            <subfield code="i">Printed edition:</subfield>
            <subfield code="z">9783662495995</subfield>
          </datafield>
          <datafield tag="952" ind1=" " ind2=" ">
            <subfield code="a">Biomedical and Life Sciences (R0) (SpringerNature-43708)</subfield>
          </datafield>
          <datafield tag="952" ind1=" " ind2=" ">
            <subfield code="a">Biomedical and Life Sciences (SpringerNature-11642)</subfield>
          </datafield>
          <datafield tag="985" ind1=" " ind2=" ">
            <subfield code="a">springerpcn</subfield>
          </datafield>
          <datafield tag="991" ind1=" " ind2=" ">
            <subfield code="a">s-Online</subfield>
            <subfield code="h">Electronic Resource</subfield>
          </datafield>
        </record>
      </zs:recordData>
      <zs:recordPosition>70</zs:recordPosition>
    </zs:record>