
    <zs:record>
      <zs:recordSchema/>
      <zs:recordPacking>xml</zs:recordPacking>
      <zs:recordData>
        <record xmlns="http://www.loc.gov/MARC21/slim">
          <leader>00961nam a2200289 a 4500</leader>
          <controlfield tag="001">3065704</controlfield>
          <controlfield tag="005">19961114101838.7</controlfield>
          <controlfield tag="008">961113s1995    gw a     b    000 0bger c</controlfield>
          <datafield tag="035" ind1=" " ind2=" ">
            <subfield code="9">(DLC)   96219677</subfield>
          </datafield>
          <datafield tag="906" ind1=" " ind2=" ">
            <subfield code="a">7</subfield>
            <subfield code="b">cbc</subfield>
            <subfield code="c">pccunad</subfield>
            <subfield code="d">u</subfield>
            <subfield code="e">ncip</subfield>
            <subfield code="f">19</subfield>
            <subfield code="g">y-gencatlg</subfield>
          </datafield>
          <datafield tag="955" ind1=" " ind2=" ">
            <subfield code="a">CU 11-13-96</subfield>
          </datafield>
          <datafield tag="010" ind1=" " ind2=" ">
            <subfield code="a">   96219677 </subfield>
          </datafield>
          <datafield tag="020" ind1=" " ind2=" ">
            <subfield code="a">3894661488</subfield>
          </datafield>
          <datafield tag="040" ind1=" " ind2=" ">
            <subfield code="a">CU</subfield>
            <subfield code="c">CU</subfield>
          </datafield>
          <datafield tag="042" ind1=" " ind2=" ">
            <subfield code="a">pcc</subfield>
          </datafield>
          <datafield tag="043" ind1=" " ind2=" ">
            <subfield code="a">e-au---</subfield>
          </datafield>
          <datafield tag="050" ind1="1" ind2="4">
            <subfield code="a">DB98.K7</subfield>
            <subfield code="b">M85 1995</subfield>
          </datafield>
          <datafield tag="100" ind1="1" ind2=" ">
            <subfield code="a">Müller, Konrad R.,</subfield>
            <subfield code="d">1940-</subfield>
          </datafield>
          <datafield tag="245" ind1="1" ind2="0">
            <subfield code="a">Bruno Kreisky :</subfield>
            <subfield code="b">gegen die Zeit /</subfield>
            <subfield code="c">Fotografie, Konrad R. Müller ; mit Texten von Werner A. Perger und Wolfgang Petritsch.</subfield>
          </datafield>
          <datafield tag="260" ind1=" " ind2=" ">
            <subfield code="a">Heidelberg :</subfield>
            <subfield code="b">Braus,</subfield>
            <subfield code="c">c1995.</subfield>
          </datafield>
          <datafield tag="300" ind1=" " ind2=" ">
            <subfield code="a">151 p. :</subfield>
            <subfield code="b">ill. ;</subfield>
            <subfield code="c">31 cm.</subfield>
          </datafield>
          <datafield tag="504" ind1=" " ind2=" ">
            <subfield code="a">Includes bibliographical references (p. 151).</subfield>
          </datafield>
          <datafield tag="600" ind1="1" ind2="0">
            <subfield code="a">Kreisky, Bruno.</subfield>
          </datafield>
          <datafield tag="650" ind1=" " ind2="0">
            <subfield code="a">Heads of state</subfield>
            <subfield code="z">Austria</subfield>
            <subfield code="x">Biography.</subfield>
          </datafield>
          <datafield tag="651" ind1=" " ind2="0">
            <subfield code="a">Austria</subfield>
            <subfield code="x">Politics and government</subfield>
            <subfield code="y">1945-</subfield>
          </datafield>
          <datafield tag="700" ind1="1" ind2=" ">
            <subfield code="a">Perger, Werner A.,</subfield>
            <subfield code="d">1942-</subfield>
          </datafield>
          <datafield tag="700" ind1="1" ind2=" ">
            <subfield code="a">Petritsch, Wolfgang,</subfield>
            <subfield code="d">1947-</subfield>
          </datafield>
        </record>
      </zs:recordData>
      <zs:recordPosition>73</zs:recordPosition>
    </zs:record>