
    <zs:record>
      <zs:recordSchema/>
      <zs:recordPacking>xml</zs:recordPacking>
      <zs:recordData>
        <record xmlns="http://www.loc.gov/MARC21/slim">
          <leader>01403cam a22003014a 4500</leader>
          <controlfield tag="001">13983264</controlfield>
          <controlfield tag="005">20060925170601.0</controlfield>
          <controlfield tag="008">050526s2004    gw a     b    000 0 ger  </controlfield>
          <datafield tag="906" ind1=" " ind2=" ">
            <subfield code="a">7</subfield>
            <subfield code="b">cbc</subfield>
            <subfield code="c">orignew</subfield>
            <subfield code="d">3</subfield>
            <subfield code="e">ncip</subfield>
            <subfield code="f">20</subfield>
            <subfield code="g">y-gencatlg</subfield>
          </datafield>
          <datafield tag="925" ind1="0" ind2=" ">
            <subfield code="a">acquire</subfield>
            <subfield code="b">1 shelf copy</subfield>
            <subfield code="x">policy default</subfield>
          </datafield>
          <datafield tag="955" ind1=" " ind2=" ">
            <subfield code="a">of04 2005-5-26 to ASCD</subfield>
            <subfield code="a">jc00 2006-03-10</subfield>
            <subfield code="i">jc18 2006-09-25</subfield>
            <subfield code="e">jc18 2006-09-25 to BCCD</subfield>
          </datafield>
          <datafield tag="010" ind1=" " ind2=" ">
            <subfield code="a">  2005424334</subfield>
          </datafield>
          <datafield tag="020" ind1=" " ind2=" ">
            <subfield code="a">3832907521</subfield>
          </datafield>
          <datafield tag="040" ind1=" " ind2=" ">
            <subfield code="a">DLC</subfield>
            <subfield code="c">DLC</subfield>
            <subfield code="d">DLC</subfield>
          </datafield>
          <datafield tag="042" ind1=" " ind2=" ">
            <subfield code="a">pcc</subfield>
          </datafield>
          <datafield tag="043" ind1=" " ind2=" ">
            <subfield code="a">e-gx---</subfield>
          </datafield>
          <datafield tag="050" ind1="0" ind2="0">
            <subfield code="a">RA645.D5</subfield>
            <subfield code="b">S357 2004</subfield>
          </datafield>
          <datafield tag="100" ind1="1" ind2=" ">
            <subfield code="a">Scherbaum, W. A.</subfield>
            <subfield code="q">(Werner A.),</subfield>
            <subfield code="d">1947-</subfield>
          </datafield>
          <datafield tag="245" ind1="1" ind2="0">
            <subfield code="a">Fachinformationssystem Diabetes mellitus :</subfield>
            <subfield code="b">Aufbau eines Fachinformationssystems zum Diabetes mellitus im Internet : Projektbericht und Ergebnisse der Online-Befragung und der Telefonumfrage "Medien und Gesundheit" /</subfield>
            <subfield code="c">Werner A. Scherbaum, Thomas Baehring ; Projektmitarbeiter, Melanie Stapperfend ... [et al.].</subfield>
          </datafield>
          <datafield tag="260" ind1=" " ind2=" ">
            <subfield code="a">Baden-Baden :</subfield>
            <subfield code="b">Nomos Verlagsgesellschaft,</subfield>
            <subfield code="c">2004.</subfield>
          </datafield>
          <datafield tag="300" ind1=" " ind2=" ">
            <subfield code="a">vi, 181 p. :</subfield>
            <subfield code="b">ill. ;</subfield>
            <subfield code="c">26 cm.</subfield>
          </datafield>
          <datafield tag="490" ind1="0" ind2=" ">
            <subfield code="a">Schriftenreihe des Bundesministeriums für Gesundheit und Soziale Sicherung ;</subfield>
            <subfield code="v">Bd. 151</subfield>
          </datafield>
          <datafield tag="504" ind1=" " ind2=" ">
            <subfield code="a">Includes bibliographical references.</subfield>
          </datafield>
          <datafield tag="650" ind1=" " ind2="0">
            <subfield code="a">Diabetes</subfield>
            <subfield code="z">Germany</subfield>
            <subfield code="x">Computer network resources.</subfield>
          </datafield>
          <datafield tag="650" ind1=" " ind2="0">
            <subfield code="a">Patient education</subfield>
            <subfield code="z">Germany</subfield>
            <subfield code="x">Computer network resources.</subfield>
          </datafield>
          <datafield tag="650" ind1=" " ind2="0">
            <subfield code="a">Internet in medicine</subfield>
            <subfield code="z">Germany.</subfield>
          </datafield>
          <datafield tag="700" ind1="1" ind2=" ">
            <subfield code="a">Baehring, Thomas.</subfield>
          </datafield>
          <datafield tag="923" ind1=" " ind2=" ">
            <subfield code="d">20050501</subfield>
            <subfield code="s">95002486</subfield>
          </datafield>
        </record>
      </zs:recordData>
      <zs:recordPosition>83</zs:recordPosition>
    </zs:record>